<record><leader>00000cas a22000007a 4500</leader><controlfield tag="001">13781663</controlfield><controlfield tag="008">860626d18731879pauwr ne      0    0eng d</controlfield><datafield ind1=" " ind2=" " tag="010"><subfield code="a">sn 86053539 </subfield></datafield><datafield ind1=" " ind2=" " tag="040"><subfield code="a">NPX</subfield><subfield code="b">eng</subfield><subfield code="c">NPX</subfield><subfield code="d">NVF</subfield><subfield code="d">MGN</subfield><subfield code="d">OCLCQ</subfield><subfield code="d">OCLCO</subfield><subfield code="d">OCLCF</subfield></datafield><datafield ind1="1" ind2=" " tag="029"><subfield code="a">AU@</subfield><subfield code="b">000025791453</subfield></datafield><datafield ind1=" " ind2=" " tag="042"><subfield code="a">msc</subfield></datafield><datafield ind1=" " ind2=" " tag="043"><subfield code="a">n-us-pa</subfield></datafield><datafield ind1="0" ind2=" " tag="130"><subfield code="a">Jamestown sun (Jamestown, Pa.)</subfield></datafield><datafield ind1="1" ind2="0" tag="245"><subfield code="a">Jamestown sun.</subfield></datafield><datafield ind1="1" ind2="7" tag="246"><subfield code="a">Jamestown weekly sun</subfield></datafield><datafield ind1=" " ind2=" " tag="260"><subfield code="a">Jamestown, Mercer Co., Pa. :</subfield><subfield code="b">D.L. Calkins</subfield></datafield><datafield ind1=" " ind2=" " tag="300"><subfield code="a">v.</subfield></datafield><datafield ind1=" " ind2=" " tag="310"><subfield code="a">Weekly</subfield></datafield><datafield ind1="1" ind2=" " tag="362"><subfield code="a">Began in Nov. 1873; ceased in Mar. 1879. Cf. Hist. of Mercer Co., Pa., 1888.</subfield></datafield><datafield ind1=" " ind2=" " tag="500"><subfield code="a">"Greenbacks, Prosperity and Peace!," &lt;1876&gt;.</subfield></datafield><datafield ind1=" " ind2=" " tag="500"><subfield code="a">Editors: Mr. &amp; Mrs. D.L. Calkins, &lt;1876&gt;.</subfield></datafield><datafield ind1=" " ind2=" " tag="588"><subfield code="a">Description based on: Vol. 1, no. 32 (Aug. 5, 1874).</subfield></datafield><datafield ind1=" " ind2="0" tag="651"><subfield code="a">Summit Hill (Pa.)</subfield><subfield code="v">Newspapers.</subfield></datafield><datafield ind1=" " ind2="7" tag="655"><subfield code="a">Newspapers.</subfield><subfield code="2">fast</subfield><subfield code="0">(OCoLC)fst01423814</subfield></datafield><datafield ind1=" " ind2="7" tag="651"><subfield code="a">Pennsylvania</subfield><subfield code="z">Summit Hill.</subfield><subfield code="2">fast</subfield><subfield code="0">(OCoLC)fst01223409</subfield></datafield><datafield ind1=" " ind2=" " tag="752"><subfield code="a">United States</subfield><subfield code="b">Pennsylvania</subfield><subfield code="c">Mercer</subfield><subfield code="d">Jamestown.</subfield></datafield></record>